@article{wang2014hashing,
  title={Hashing for similarity search: A survey},
  author={Wang, Jingdong and Shen, Heng Tao and Song, Jingkuan and Ji, Jianqiu},
  journal={arXiv preprint arXiv:1408.2927},
  year={2014}
}

@inproceedings{datar2004locality,
	title={Locality-sensitive hashing scheme based on p-stable distributions},
	author={Datar, Mayur and Immorlica, Nicole and Indyk, Piotr and Mirrokni, Vahab S},
	booktitle={Proceedings of the twentieth annual symposium on Computational geometry},
	pages={253--262},
	year={2004},
	organization={ACM}
}

@article{jegou2011product,
	title={Product quantization for nearest neighbor search},
	author={Jegou, Herve and Douze, Matthijs and Schmid, Cordelia},
	journal={IEEE transactions on pattern analysis and machine intelligence},
	volume={33},
	number={1},
	pages={117--128},
	year={2011},
	publisher={IEEE}
}